01BGMAX               0120040525173035010331P                                   
050009912346          SEK                                                       
200003783511                         000000000000180000020001200000180          
220003783511                   665760000000000000000000220001200000180          
220003783511                   665869000000000000000000220001200000180          
220003783511                   665661000000000000000000220001200000180          
220003783511                   657775000000000000000000220001200000180          
25Betalning med extra refnr 665869 657775 665661                                
25665760                                                                        
26Kalles Plåt AB                                                                
27Storgatan 2                        12345                                      
28Storåker                                                                      
29005500001234                                                                  
200097012333                   524967000000000000190000210000000000190          
26Olles färg AB                                                                 
27Lillagatan 3                       12345                                      
28Storåker                                                                      
2900550000432                                                                   
15000000000000000000058410000010098232004052500056000000000000370000SEK00000002 
050009912346          SEK                                                       
200001234567                         000000000000200000030000000000201          
220001234567                   573964000000000000170000230000000000201          
220001234567                   573865000000000000030000230000000000201          
26Berits Garn                                                                   
27Storgatan 10                       12345                                      
28Storåker                                                                      
29005500002222                                                                  
15000000000000000000058410000010098232004052500057000000000000200000SEK00000001 
050009912346          SEK                                                       
200097012333                   525865000000000000050000210000000000210          
26Olles färg AB                                                                 
27Lillagatan 3                       12345                                      
28Storåker                                                                      
29005500004322                                                                  
200001234567                   525766000000000000050000210000000000220          
26Berits Garn                                                                   
27Storgatan 10                       12345                                      
28Storåker                                                                      
29005500002222                                                                  
200000000000                   535765000000000000050000230000000000230          
200003783511                         000000000000140000030000000000301          
220003783511                  7495575000000000000100000230000000000301          
220003783511                   695668000000000000050000230000000000301          
2200037835118988777                  000000000000040000530000000000301          
230003783511                    74450000000000000050000230000000000301          
26Kalles Plåt AB                                                                
27Storgatan 2                        12345                                      
28Storåker                                                                      
29005500001234                                                                  
15000000000000000000058410000010098232004052500058000000000000290000SEK00000004 
050009912346          EUR                                                       
2000970123338012577,8013575          000000000000300000320000000000180          
220097012333                  8012577000000000000000000220000000000180          
220097012333                  8013575000000000000000000220000000000180          
220097012333                  8014573000000000000000000220000000000180          
25 Faktura8014573                                                               
26Olles färg AB                                                                 
27Lillagatan 3                       12345                                      
28Storåker                                                                      
29005500001234                                                                  
200001234567                   525766000000000000100000210000000000190          
26Berits Garn                                                                   
27Storgatan 10                       12345                                      
28Storåker                                                                      
29005500002222                                                                  
15000000000000000000058410000010098232004052500059000000000000400000EUR00000002 
7000000009000000000000001300000004                                              


