01BGMAX               0120040525173035010331P                                   
050009912346          SEK                                                       
200097012333                   650861000000000000110000210000000000120          
15000000000000000000058410000010098232004052500074000000000000110000SEK00000001 
7000000001000000000000000000000001
